<record><leader>00000cas a2200000 a 4500</leader><controlfield tag="001">12018645</controlfield><controlfield tag="008">850510d19321987cauwr n       0    0eng c</controlfield><datafield ind1=" " ind2=" " tag="010"><subfield code="a">sn 95061526 </subfield></datafield><datafield ind1=" " ind2=" " tag="040"><subfield code="a">MSH</subfield><subfield code="b">eng</subfield><subfield code="c">MSH</subfield><subfield code="d">CNK</subfield><subfield code="d">OCLCQ</subfield><subfield code="d">CNK</subfield><subfield code="d">OCLCQ</subfield><subfield code="d">OCLCF</subfield><subfield code="d">OCLCO</subfield></datafield><datafield ind1="1" ind2=" " tag="029"><subfield code="a">AU@</subfield><subfield code="b">000011782623</subfield></datafield><datafield ind1=" " ind2=" " tag="042"><subfield code="a">pcc</subfield></datafield><datafield ind1=" " ind2=" " tag="043"><subfield code="a">n-us-ca</subfield></datafield><datafield ind1="0" ind2="0" tag="245"><subfield code="a">Griffith Park news.</subfield></datafield><datafield ind1=" " ind2=" " tag="260"><subfield code="a">Los Angeles, Calif. :</subfield><subfield code="b">E.F. Lewis</subfield></datafield><datafield ind1=" " ind2=" " tag="300"><subfield code="a">v.</subfield></datafield><datafield ind1=" " ind2=" " tag="310"><subfield code="a">Weekly,</subfield><subfield code="b">Dec. 31, 1948-</subfield></datafield><datafield ind1=" " ind2=" " tag="321"><subfield code="a">Weekly,</subfield><subfield code="b">June 3, 1932-&lt;Feb. 24, 1933&gt;</subfield></datafield><datafield ind1=" " ind2=" " tag="321"><subfield code="a">Semiweekly,</subfield><subfield code="b">&lt;Jan. 2, 1948&gt;-Dec. 24, 1948</subfield></datafield><datafield ind1="0" ind2=" " tag="362"><subfield code="a">Vol. 1, no. 1 (June 3, 1932)-v. 55, no. 9 (July 29, 1987).</subfield></datafield><datafield ind1=" " ind2=" " tag="530"><subfield code="a">Master negatives are available for duplication from:</subfield><subfield code="b">California Newspaper Microfilm Archive;</subfield><subfield code="c">positive copies may be purchased by the reel; for further information consult the CNMA at:</subfield><subfield code="u">http://cbsr.ucr.edu</subfield></datafield><datafield ind1=" " ind2="0" tag="651"><subfield code="a">Los Angeles (Calif.)</subfield><subfield code="v">Newspapers.</subfield></datafield><datafield ind1=" " ind2="7" tag="655"><subfield code="a">Newspapers.</subfield><subfield code="2">fast</subfield><subfield code="0">(OCoLC)fst01423814</subfield></datafield><datafield ind1=" " ind2="7" tag="651"><subfield code="a">California</subfield><subfield code="z">Los Angeles.</subfield><subfield code="2">fast</subfield><subfield code="0">(OCoLC)fst01204540</subfield></datafield><datafield ind1=" " ind2=" " tag="752"><subfield code="a">United States</subfield><subfield code="b">California</subfield><subfield code="c">Los Angeles</subfield><subfield code="d">Los Angeles.</subfield></datafield><datafield ind1="0" ind2="7" tag="785"><subfield code="t">Hollywood independent</subfield><subfield code="w">(DLC)sn 95061024</subfield></datafield><datafield ind1="0" ind2="7" tag="785"><subfield code="t">Wilshire press</subfield><subfield code="w">(DLC)sn 95061513</subfield></datafield><datafield ind1="0" ind2="7" tag="785"><subfield code="t">Wilshire independent</subfield><subfield code="w">(DLC)sn 95061524</subfield></datafield><datafield ind1="0" ind2="7" tag="785"><subfield code="t">Beverly Hills West Hollywood sun living</subfield><subfield code="w">(DLC)sn 95061666</subfield></datafield><datafield ind1="0" ind2="7" tag="785"><subfield code="t">Parkside journal</subfield><subfield code="w">(DLC)sn 95061527</subfield></datafield><datafield ind1="0" ind2="7" tag="785"><subfield code="t">Northwest leader</subfield><subfield code="w">(DLC)sn 95061528</subfield></datafield><datafield ind1="0" ind2="7" tag="785"><subfield code="t">Los Angeles city news</subfield><subfield code="w">(DLC)sn 95061533</subfield></datafield><datafield ind1="0" ind2="7" tag="785"><subfield code="t">Los Angeles city press</subfield><subfield code="w">(DLC)sn 95061534</subfield></datafield><datafield ind1="0" ind2="7" tag="785"><subfield code="t">Westlake post</subfield><subfield code="w">(DLC)sn 95061535</subfield></datafield><datafield ind1="0" ind2="7" tag="785"><subfield code="t">Feliz Hills news</subfield><subfield code="w">(DLC)sn 95061536</subfield></datafield><datafield ind1="0" ind2="7" tag="785"><subfield code="t">Los Angeles independent</subfield><subfield code="w">(DLC)sn2008060137</subfield></datafield></record>